@Book{Boyed:2012:GSOA,
	author = {Boyed, Ryan},
	title = {
	Getting Started with OAuth 2.0 - Programming Clients for Secure Web API Authorization and Authentication},
	publisher = {O'Reilly Media},
	year = {2012},
}


@Book{Dasgupta:2017:AUA,
	author = {Dasgupta, Dipankar and Arunava, Roy and Nag Abhijit},
	title = {Advances in User Authentication},
	publisher = {Springer International Publishing AG},
	isbn = {978-3-319-58808-7 },
	year = {2017},
}


@Book{Todorov:2007:MUI,
	author = {Todorov, Dobromir},
	title = {Mechanics of User Identification and Authentication - Fundamentals of Identity Managment},
	isbn = {978-1-4200-5219-0 },
	publisher = {Auerbach Publications},
	year = {2007},
}


@InProceedings{Prochazka:2010:UCA,
	author = {Procházka, Michal and Kouřil, Daniel and Matyska, Luděk},
	title = {User centric authentication for web applications},
	booktitle = {Collaborative Technologies and Systems (CTS)},
	year = {2010},
	month = {05},
	publisher = {IEEE}, 
	isbn = {978-1-4244-6622-1},
	location = {Chicago, IL, USA},
}

@inproceedings{Batina:2011:HER:2188496.2188508,
 author = {Batina, Lejla and Seys, Stefaan and Singel{\'e}e, Dave and Verbauwhede, Ingrid},
 title = {Hierarchical ECC-Based RFID Authentication Protocol},
 booktitle = {Proceedings of the 7th International Conference on RFID Security and Privacy},
 series = {RFIDSec'11},
 year = {2012},
 isbn = {978-3-642-25285-3},
 location = {Amherst, MA},
 pages = {183--201},
 numpages = {19},
 url = {http://dx.doi.org.acm.perm.fh-joanneum.at/10.1007/978-3-642-25286-0_12},
 doi = {10.1007/978-3-642-25286-0_12},
 acmid = {2188508},
 publisher = {Springer-Verlag},
 address = {Berlin, Heidelberg},
 keywords = {ECC, RFID, authentication, hierarchical groups, privacy}
}

@inproceedings{Fernandez-Mir:2011:SRA:2188496.2188506,
 author = {Fern\`{a}ndez-Mir, Albert and Trujillo-Rasua, Rolando and Castell\`{a}-Roca, Jordi and Domingo-Ferrer, Josep},
 title = {A Scalable RFID Authentication Protocol Supporting Ownership Transfer and Controlled Delegation},
 booktitle = {Proceedings of the 7th International Conference on RFID Security and Privacy},
 series = {RFIDSec'11},
 year = {2012},
 isbn = {978-3-642-25285-3},
 location = {Amherst, MA},
 pages = {147--162},
 numpages = {16},
 url = {http://dx.doi.org/10.1007/978-3-642-25286-0_10},
 doi = {10.1007/978-3-642-25286-0_10},
 acmid = {2188506},
 publisher = {Springer-Verlag},
 address = {Berlin, Heidelberg},
 keywords = {RFID, controlled delegation, identification, ownership transfer, privacy, scalability, security}
}

@article{Li:2008:TRP:2043628.2043631,
 author = {Li, Yingjiu and Deng, Robert H. and Lai, Junzuo and Ma, Changshe},
 title = {On Two RFID Privacy Notions and Their Relations},
 journal = {ACM Trans. Inf. Syst. Secur.},
 issue_date = {December 2011},
 volume = {14},
 number = {4},
 month = dec,
 year = {2008},
 issn = {1094-9224},
 pages = {30:1--30:23},
 articleno = {30},
 numpages = {23},
 url = {http://doi.acm.org.acm.perm.fh-joanneum.at/10.1145/2043628.2043631},
 doi = {10.1145/2043628.2043631},
 acmid = {2043631},
 publisher = {ACM},
 address = {New York, NY, USA},
 keywords = {RFID, privacy, pseudorandom function}
}

@Article{Lynch:2017:IIG,
	author = {Lynch, Lucy},
	title = {Inside the Identity Game},
	journal = {IEEE Internet Computing},
	year = {2011},
	volume = {15},
	number = {5},
	pages = {78-82},
	month = {09},
}

@Article{Tomkins:2009:DPF,
	author = {Tomkins, Benjamin},
	title = {Dealing With Password Fatigue},
	journal = {Forbes},
	year = {2009},
}



@online{Corre:2017:WHI,
	author = {Corre, Kevin and Barais, Oliver and Sunyé, Gerson and Frey Vincent and Crom, Jean-Michel},
	title = {Why can't users choose their identity provider},
	date = {2017},
	url = {https://petsymposium.org/2017/papers/issue3/paper18-2017-3-source.pdf},
	urldate = {2018-05},
}

@online{Neumann:2018:PTC,
	author = {Neumann, Peter G.},
	title = {Principled Assuredly Trustworthy Composable Architectures},
	date = {2013},
	url = {http://www.csl.sri.com/users/neumann/chats4.pdf},
	urldate = {2018-05}
}




@online{OpenID:2018:ACDG,
	author = {OpenID Foundation},
	title = {Account Cooser - Developer's Guide},
	url = {http://www.accountchooser.net/developers},
	urldate = {2018-06}
}

@online{Basheer:2011:ACWG,
	author = {Tome, Basheer and Bradley, John and Sakimura, Nat and Long Kevin and Dingle, Janrain P. and Nennker, Axel and Csinger, Andrew and Sachs, Eric and Sievert, Chuck and Tu, Wei and Daheley, Andrew and Messina, Chris},
	title = {Account Chooser Working Group Chater proposal},
	date = {2011},
	url = {http://ac.openid.net/wgproposal},
	urldate = {2018-06}
}



@Manual{NIST:2017:DIG,
	title = {Digital Identity Guidelines},
	author = {Grassi, Paul A. and Garcia, Michael E. and Fenton James L.},
	organization = {NIST (National Institute of Standards and Technology)},
	edition = {Special Publication 800-63-3},
	month = {07},
	year = {2017},
}


@Manual{Brooks:2017:IPE,
	title = {An Introduction to Privacy Engineering and Risk Management
	in Federal Systems},
	author = {Brooks, Sean and Garcia, Michael and Lefkovitz, Naomi and Lightman, Suzanne and Nadeau, Ellen},
	organization = {NIST (National Institute of Standards and Technology)},
	edition = {NISTR 8062},
	month = {01},
	year = {2017},
}


@Manual{Dingle:2015:OAC,
	title = {OpenID AccountChooser Basic API Profile 1.0},
	author = {Dingle, P. and Bary, T.},
	organization = {Google Inc.},
	edition = {draft-accountchooser-basic-profile-07},
	month = {09},
	year = {2015},
}



@TechReport{Fangyuan:2015:SPCSSO,
	author = {Xu, Fangyuan},
	title = {Security and Privacy Concern for Single Sign-on Protocols},
	institution = {Tufts University},
	year = {2015},
}



@online{JerichoSystems:IS,
	author = {JerichoSystems},
	title = {Identity Silo},
	date = {2018},
	url = {https://www.jerichosystems.com/technology/glossaryterms/identity_silo.html},
	urldate = {2018-06}
}
